%YAML 1.1
%TAG !u! tag:unity3d.com,2011:
--- !u!1 &3607614711280779237
GameObject:
  m_ObjectHideFlags: 0
  m_CorrespondingSourceObject: {fileID: 0}
  m_PrefabInstance: {fileID: 0}
  m_PrefabAsset: {fileID: 0}
  serializedVersion: 6
  m_Component:
  - component: {fileID: 1658271381811278643}
  - component: {fileID: 5711572855943373443}
  - component: {fileID: 7282056070518467546}
  - component: {fileID: 1257722703764728194}
  - component: {fileID: 3494531733080994098}
  - component: {fileID: 2669215818658236304}
  - component: {fileID: 8344062642454455408}
  - component: {fileID: 4422527540597582651}
  - component: {fileID: 3205755661816376241}
  - component: {fileID: 6426555566021485940}
  - component: {fileID: 2878119578215265837}
  - component: {fileID: 8379803848350353111}
  - component: {fileID: 2241444378411409120}
  - component: {fileID: 5666327279745737631}
  - component: {fileID: 48884217766518766}
  m_Layer: 0
  m_Name: Larva
  m_TagString: Untagged
  m_Icon: {fileID: 0}
  m_NavMeshLayer: 0
  m_StaticEditorFlags: 0
  m_IsActive: 1
--- !u!4 &1658271381811278643
Transform:
  m_ObjectHideFlags: 0
  m_CorrespondingSourceObject: {fileID: 0}
  m_PrefabInstance: {fileID: 0}
  m_PrefabAsset: {fileID: 0}
  m_GameObject: {fileID: 3607614711280779237}
  m_LocalRotation: {x: -0, y: -0, z: -0, w: 1}
  m_LocalPosition: {x: 0.14, y: -3.4117706, z: -0.050055705}
  m_LocalScale: {x: 1, y: 1, z: 1}
  m_ConstrainProportionsScale: 0
  m_Children: []
  m_Father: {fileID: 0}
  m_RootOrder: 0
  m_LocalEulerAnglesHint: {x: 0, y: 0, z: 0}
--- !u!23 &5711572855943373443
MeshRenderer:
  m_ObjectHideFlags: 0
  m_CorrespondingSourceObject: {fileID: 0}
  m_PrefabInstance: {fileID: 0}
  m_PrefabAsset: {fileID: 0}
  m_GameObject: {fileID: 3607614711280779237}
  m_Enabled: 1
  m_CastShadows: 1
  m_ReceiveShadows: 1
  m_DynamicOccludee: 1
  m_StaticShadowCaster: 0
  m_MotionVectors: 1
  m_LightProbeUsage: 1
  m_ReflectionProbeUsage: 1
  m_RayTracingMode: 2
  m_RayTraceProcedural: 0
  m_RenderingLayerMask: 1
  m_RendererPriority: 0
  m_Materials:
  - {fileID: 0}
  m_StaticBatchInfo:
    firstSubMesh: 0
    subMeshCount: 0
  m_StaticBatchRoot: {fileID: 0}
  m_ProbeAnchor: {fileID: 0}
  m_LightProbeVolumeOverride: {fileID: 0}
  m_ScaleInLightmap: 1
  m_ReceiveGI: 1
  m_PreserveUVs: 0
  m_IgnoreNormalsForChartDetection: 0
  m_ImportantGI: 0
  m_StitchLightmapSeams: 1
  m_SelectedEditorRenderState: 3
  m_MinimumChartSize: 4
  m_AutoUVMaxDistance: 0.5
  m_AutoUVMaxAngle: 89
  m_LightmapParameters: {fileID: 0}
  m_SortingLayerID: 0
  m_SortingLayer: 0
  m_SortingOrder: 0
  m_AdditionalVertexStreams: {fileID: 0}
--- !u!33 &7282056070518467546
MeshFilter:
  m_ObjectHideFlags: 0
  m_CorrespondingSourceObject: {fileID: 0}
  m_PrefabInstance: {fileID: 0}
  m_PrefabAsset: {fileID: 0}
  m_GameObject: {fileID: 3607614711280779237}
  m_Mesh: {fileID: 0}
--- !u!114 &1257722703764728194
MonoBehaviour:
  m_ObjectHideFlags: 0
  m_CorrespondingSourceObject: {fileID: 0}
  m_PrefabInstance: {fileID: 0}
  m_PrefabAsset: {fileID: 0}
  m_GameObject: {fileID: 3607614711280779237}
  m_Enabled: 1
  m_EditorHideFlags: 0
  m_Script: {fileID: 11500000, guid: 480494947840240f7a242971a416d857, type: 3}
  m_Name: 
  m_EditorClassIdentifier: 
  Sprite: {fileID: 21300000, guid: 0c233165fd84d634f9fdacae9eae225c, type: 3}
  Scale: {x: 1, y: 1}
  SpriteMaterial: {fileID: 0}
  PixelPerMeter: 100
  SortingLayer: 
  SortingOrder: 0
  Density: 3
  Color: {r: 1, g: 1, b: 1, a: 1}
--- !u!50 &3494531733080994098
Rigidbody2D:
  serializedVersion: 4
  m_ObjectHideFlags: 0
  m_CorrespondingSourceObject: {fileID: 0}
  m_PrefabInstance: {fileID: 0}
  m_PrefabAsset: {fileID: 0}
  m_GameObject: {fileID: 3607614711280779237}
  m_BodyType: 0
  m_Simulated: 1
  m_UseFullKinematicContacts: 0
  m_UseAutoMass: 0
  m_Mass: 1
  m_LinearDrag: 0
  m_AngularDrag: 0.05
  m_GravityScale: 1
  m_Material: {fileID: 0}
  m_Interpolate: 0
  m_SleepingMode: 1
  m_CollisionDetection: 0
  m_Constraints: 0
--- !u!114 &2669215818658236304
MonoBehaviour:
  m_ObjectHideFlags: 0
  m_CorrespondingSourceObject: {fileID: 0}
  m_PrefabInstance: {fileID: 0}
  m_PrefabAsset: {fileID: 0}
  m_GameObject: {fileID: 3607614711280779237}
  m_Enabled: 1
  m_EditorHideFlags: 0
  m_Script: {fileID: 11500000, guid: 90379735c79434d1794fac946f157cbd, type: 3}
  m_Name: 
  m_EditorClassIdentifier: 
  Filling: 2
  JointsCount: 12
  PathOffset: 0
  CollidersOffset: 1
  PhysicsMaterial: {fileID: 0}
  AutoMass: 0
  Mass: 1
  LinearDrag: 0
  AngularDrag: 0.05
  CollidersRadius: 0.773
  JointsLayer:
    serializedVersion: 2
    m_Bits: 0
  EnableCollision: 0
  AutoConfigureConnectedAnchor: 0
  AutoConfigureDistance: 0
  Distance: 0.05
  DampingRatio: 0
  Frequency: 10
  Joints:
  - Collider: {fileID: 0}
    Joint: {fileID: 0}
    GameObject: {fileID: 0}
    Rigidbody2D: {fileID: 0}
    Transform: {fileID: 0}
    Weights: []
    StartLocalPosition: {x: 0, y: 0, z: 0}
  - Collider: {fileID: 0}
    Joint: {fileID: 0}
    GameObject: {fileID: 0}
    Rigidbody2D: {fileID: 0}
    Transform: {fileID: 0}
    Weights: []
    StartLocalPosition: {x: 0, y: 0, z: 0}
  - Collider: {fileID: 0}
    Joint: {fileID: 0}
    GameObject: {fileID: 0}
    Rigidbody2D: {fileID: 0}
    Transform: {fileID: 0}
    Weights: []
    StartLocalPosition: {x: 0, y: 0, z: 0}
  - Collider: {fileID: 0}
    Joint: {fileID: 0}
    GameObject: {fileID: 0}
    Rigidbody2D: {fileID: 0}
    Transform: {fileID: 0}
    Weights: []
    StartLocalPosition: {x: 0, y: 0, z: 0}
  - Collider: {fileID: 0}
    Joint: {fileID: 0}
    GameObject: {fileID: 0}
    Rigidbody2D: {fileID: 0}
    Transform: {fileID: 0}
    Weights: []
    StartLocalPosition: {x: 0, y: 0, z: 0}
  - Collider: {fileID: 0}
    Joint: {fileID: 0}
    GameObject: {fileID: 0}
    Rigidbody2D: {fileID: 0}
    Transform: {fileID: 0}
    Weights: []
    StartLocalPosition: {x: 0, y: 0, z: 0}
  - Collider: {fileID: 0}
    Joint: {fileID: 0}
    GameObject: {fileID: 0}
    Rigidbody2D: {fileID: 0}
    Transform: {fileID: 0}
    Weights: []
    StartLocalPosition: {x: 0, y: 0, z: 0}
  - Collider: {fileID: 0}
    Joint: {fileID: 0}
    GameObject: {fileID: 0}
    Rigidbody2D: {fileID: 0}
    Transform: {fileID: 0}
    Weights: []
    StartLocalPosition: {x: 0, y: 0, z: 0}
  - Collider: {fileID: 0}
    Joint: {fileID: 0}
    GameObject: {fileID: 0}
    Rigidbody2D: {fileID: 0}
    Transform: {fileID: 0}
    Weights: []
    StartLocalPosition: {x: 0, y: 0, z: 0}
  - Collider: {fileID: 0}
    Joint: {fileID: 0}
    GameObject: {fileID: 0}
    Rigidbody2D: {fileID: 0}
    Transform: {fileID: 0}
    Weights: []
    StartLocalPosition: {x: 0, y: 0, z: 0}
--- !u!70 &8344062642454455408
CapsuleCollider2D:
  m_ObjectHideFlags: 0
  m_CorrespondingSourceObject: {fileID: 0}
  m_PrefabInstance: {fileID: 0}
  m_PrefabAsset: {fileID: 0}
  m_GameObject: {fileID: 3607614711280779237}
  m_Enabled: 1
  m_Density: 1
  m_Material: {fileID: 0}
  m_IsTrigger: 0
  m_UsedByEffector: 0
  m_UsedByComposite: 0
  m_Offset: {x: -0.017118454, y: -0.36604047}
  m_Size: {x: 1.07167, y: 7.8679194}
  m_Direction: 0
--- !u!114 &4422527540597582651
MonoBehaviour:
  m_ObjectHideFlags: 0
  m_CorrespondingSourceObject: {fileID: 0}
  m_PrefabInstance: {fileID: 0}
  m_PrefabAsset: {fileID: 0}
  m_GameObject: {fileID: 3607614711280779237}
  m_Enabled: 1
  m_EditorHideFlags: 0
  m_Script: {fileID: 11500000, guid: 68457419e915739419cbabc144699d04, type: 3}
  m_Name: 
  m_EditorClassIdentifier: 
  sound: 23
  loop: 1
  level: 2
  timeLoop: 1
--- !u!114 &3205755661816376241
MonoBehaviour:
  m_ObjectHideFlags: 0
  m_CorrespondingSourceObject: {fileID: 0}
  m_PrefabInstance: {fileID: 0}
  m_PrefabAsset: {fileID: 0}
  m_GameObject: {fileID: 3607614711280779237}
  m_Enabled: 1
  m_EditorHideFlags: 0
  m_Script: {fileID: 11500000, guid: 68457419e915739419cbabc144699d04, type: 3}
  m_Name: 
  m_EditorClassIdentifier: 
  sound: 23
  loop: 1
  level: 2
  timeLoop: 1
--- !u!114 &6426555566021485940
MonoBehaviour:
  m_ObjectHideFlags: 0
  m_CorrespondingSourceObject: {fileID: 0}
  m_PrefabInstance: {fileID: 0}
  m_PrefabAsset: {fileID: 0}
  m_GameObject: {fileID: 3607614711280779237}
  m_Enabled: 1
  m_EditorHideFlags: 0
  m_Script: {fileID: 11500000, guid: 68457419e915739419cbabc144699d04, type: 3}
  m_Name: 
  m_EditorClassIdentifier: 
  sound: 23
  loop: 1
  level: 2
  timeLoop: 1
--- !u!114 &2878119578215265837
MonoBehaviour:
  m_ObjectHideFlags: 0
  m_CorrespondingSourceObject: {fileID: 0}
  m_PrefabInstance: {fileID: 0}
  m_PrefabAsset: {fileID: 0}
  m_GameObject: {fileID: 3607614711280779237}
  m_Enabled: 1
  m_EditorHideFlags: 0
  m_Script: {fileID: 11500000, guid: 68457419e915739419cbabc144699d04, type: 3}
  m_Name: 
  m_EditorClassIdentifier: 
  sound: 23
  loop: 1
  level: 2
  timeLoop: 1
--- !u!114 &8379803848350353111
MonoBehaviour:
  m_ObjectHideFlags: 0
  m_CorrespondingSourceObject: {fileID: 0}
  m_PrefabInstance: {fileID: 0}
  m_PrefabAsset: {fileID: 0}
  m_GameObject: {fileID: 3607614711280779237}
  m_Enabled: 1
  m_EditorHideFlags: 0
  m_Script: {fileID: 11500000, guid: 68457419e915739419cbabc144699d04, type: 3}
  m_Name: 
  m_EditorClassIdentifier: 
  sound: 23
  loop: 1
  level: 2
  timeLoop: 1
--- !u!114 &2241444378411409120
MonoBehaviour:
  m_ObjectHideFlags: 0
  m_CorrespondingSourceObject: {fileID: 0}
  m_PrefabInstance: {fileID: 0}
  m_PrefabAsset: {fileID: 0}
  m_GameObject: {fileID: 3607614711280779237}
  m_Enabled: 1
  m_EditorHideFlags: 0
  m_Script: {fileID: 11500000, guid: 68457419e915739419cbabc144699d04, type: 3}
  m_Name: 
  m_EditorClassIdentifier: 
  sound: 23
  loop: 1
  level: 2
  timeLoop: 1
--- !u!114 &5666327279745737631
MonoBehaviour:
  m_ObjectHideFlags: 0
  m_CorrespondingSourceObject: {fileID: 0}
  m_PrefabInstance: {fileID: 0}
  m_PrefabAsset: {fileID: 0}
  m_GameObject: {fileID: 3607614711280779237}
  m_Enabled: 1
  m_EditorHideFlags: 0
  m_Script: {fileID: 11500000, guid: 68457419e915739419cbabc144699d04, type: 3}
  m_Name: 
  m_EditorClassIdentifier: 
  sound: 23
  loop: 1
  level: 2
  timeLoop: 1
--- !u!114 &48884217766518766
MonoBehaviour:
  m_ObjectHideFlags: 0
  m_CorrespondingSourceObject: {fileID: 0}
  m_PrefabInstance: {fileID: 0}
  m_PrefabAsset: {fileID: 0}
  m_GameObject: {fileID: 3607614711280779237}
  m_Enabled: 1
  m_EditorHideFlags: 0
  m_Script: {fileID: 11500000, guid: 68457419e915739419cbabc144699d04, type: 3}
  m_Name: 
  m_EditorClassIdentifier: 
  sound: 23
  loop: 1
  level: 2
  timeLoop: 1
